@misc{tsi_las3340a,
	author={TSI},
	title={{L}aser {A}erosol {S}pectrometer 3340{A}},
	howpublished={\url{https://tsi.com/products/particle-sizers/supermicron-capable-particle-sizer-spectrometers/laser-aerosol-spectrometer-(las)-3340a/}}
}

@misc{qa-036,
	title={{I}{C}{E}{T}-{Q}{A}-036 {R}ev. 3, {S}oftware {C}ontrol},
	author={\icet}

}
