@misc{icetqa-036,
    title = {{ICET-QA-036 Rev. 3, \textit{Software Control}}},
    institution = {Institute for Clean Energy Technology},
}
@book{Hinds,
  title={Aerosol Technology: Properties, Behavior, and Measurement of Airborne Particles},
  author={Hinds, W.C.},
  isbn={9780471194101},
  lccn={98023683},
  url={https://books.google.com/books?id=4fJqDwAAQBAJ},
  year={1999},
  publisher={Wiley}
}

@misc{iest,
	title = {{T}esting {HEPA} and {ULPA} Filters},
	author = {{I}nstitute of {E}nvironmental {S}ciences and {T}echnology, {C}ontamination {Control} {D}ivision},
	date = {June 2023}
}

